<record><leader>00000cas a22000007a 4500</leader><controlfield tag="001">20486866</controlfield><controlfield tag="008">891013c19819999aruwr ne      0    0eng d</controlfield><datafield ind1=" " ind2=" " tag="010"><subfield code="a">sn 89051385 </subfield></datafield><datafield ind1=" " ind2=" " tag="040"><subfield code="a">ANU</subfield><subfield code="b">eng</subfield><subfield code="c">ANU</subfield><subfield code="d">OCLCQ</subfield></datafield><datafield ind1=" " ind2=" " tag="042"><subfield code="a">msc</subfield></datafield><datafield ind1="0" ind2=" " tag="130"><subfield code="a">Newton County times (Jasper, Ark. : 1981)</subfield></datafield><datafield ind1="1" ind2="4" tag="245"><subfield code="a">The Newton County times.</subfield></datafield><datafield ind1="3" ind2="0" tag="246"><subfield code="a">Informer - The Informer-times - The Observer-record</subfield></datafield><datafield ind1=" " ind2=" " tag="260"><subfield code="a">Jasper, Ark. :</subfield><subfield code="b">George F. Bartsch</subfield></datafield><datafield ind1=" " ind2=" " tag="300"><subfield code="a">v.</subfield></datafield><datafield ind1=" " ind2=" " tag="310"><subfield code="a">Weekly</subfield></datafield><datafield ind1="0" ind2=" " tag="362"><subfield code="a">Vol. 50, no. 33 (Sept. 3, 1981)-</subfield></datafield><datafield ind1=" " ind2="4" tag="651"><subfield code="a">Jasper (Ark.)</subfield><subfield code="v">Newspapers.</subfield></datafield><datafield ind1=" " ind2=" " tag="752"><subfield code="a">United States</subfield><subfield code="b">Arkansas</subfield><subfield code="c">Newton</subfield><subfield code="d">Jasper.</subfield></datafield><datafield ind1="0" ind2="0" tag="780"><subfield code="t">Informer-times and Observer-record</subfield><subfield code="w">(DLC)sn 89051384</subfield></datafield></record>